<record><leader>00000cas a22000007a 4500</leader><controlfield tag="001">14584592</controlfield><controlfield tag="008">861031d18891966inuwr ne      0    0eng d</controlfield><datafield ind1=" " ind2=" " tag="010"><subfield code="a">sn 86058898 </subfield></datafield><datafield ind1=" " ind2=" " tag="040"><subfield code="a">NPI</subfield><subfield code="b">eng</subfield><subfield code="c">NPI</subfield><subfield code="d">OCLCQ</subfield></datafield><datafield ind1=" " ind2=" " tag="042"><subfield code="a">msc</subfield></datafield><datafield ind1="0" ind2="4" tag="245"><subfield code="a">The Brownsburg record.</subfield></datafield><datafield ind1=" " ind2=" " tag="260"><subfield code="a">Brownsburg, Ind. :</subfield><subfield code="b">W.L. Burns,</subfield><subfield code="c">1889-1966.</subfield></datafield><datafield ind1="0" ind2=" " tag="362"><subfield code="a">Vol. 6, no. 3 (Oct. 25, 1889)-83rd year, no. 36 (Jan. 27, 1966).</subfield></datafield><datafield ind1=" " ind2=" " tag="752"><subfield code="a">United States</subfield><subfield code="b">Indiana</subfield><subfield code="c">Hendricks</subfield><subfield code="d">Brownsburg.</subfield></datafield><datafield ind1="0" ind2="0" tag="780"><subfield code="t">Modern era</subfield><subfield code="w">(DLC)sn 87055223</subfield></datafield><datafield ind1="0" ind2="7" tag="785"><subfield code="t">Brownsburg guide</subfield><subfield code="w">(DLC)sn 86058899</subfield></datafield><datafield ind1="0" ind2="7" tag="785"><subfield code="t">Guide (Brownsburg, Ind.)</subfield><subfield code="w">(DLC)sn 86058900</subfield></datafield><datafield ind1="1" ind2=" " tag="029"><subfield code="a">AU@</subfield><subfield code="b">000025806925</subfield></datafield></record>